
@book{world_bank_world_2011,
	title = {World {Development} {Report} 2011: {Conflict}, {Security}, and {Development}},
	isbn = {0821384406},
	publisher = {World Bank},
	author = {{World Bank}},
	year = {2011}
}